@book{knuth1984texbook,
    author    = "Donald J. Knuth",
    title     = "The TeXbook",
    publisher = "Addison-Wesley",
    year      = "1984",
}